<record><leader>00000cas a2200000 a 4500</leader><controlfield tag="001">10372465</controlfield><controlfield tag="008">840203d18231847paudn ne      0    0eng c</controlfield><datafield ind1=" " ind2=" " tag="010"><subfield code="a">sn 84026283 </subfield></datafield><datafield ind1=" " ind2=" " tag="040"><subfield code="a">NPU</subfield><subfield code="b">eng</subfield><subfield code="c">NPU</subfield><subfield code="d">NPA</subfield><subfield code="d">NPI</subfield><subfield code="d">NPY</subfield><subfield code="d">NPX</subfield><subfield code="d">NPH</subfield><subfield code="d">DLC</subfield><subfield code="d">NPH</subfield><subfield code="d">DLC</subfield><subfield code="d">CRL</subfield><subfield code="d">NJW</subfield><subfield code="d">NPH</subfield><subfield code="d">ANU</subfield><subfield code="d">KNP</subfield><subfield code="d">MGN</subfield><subfield code="d">NVF</subfield><subfield code="d">CNK</subfield><subfield code="d">MGN</subfield><subfield code="d">FUG</subfield><subfield code="d">NVK</subfield><subfield code="d">TGN</subfield><subfield code="d">OCL</subfield><subfield code="d">CVF</subfield><subfield code="d">NYS</subfield><subfield code="d">IUL</subfield><subfield code="d">DLC</subfield><subfield code="d">OCLCG</subfield><subfield code="d">KRTAS</subfield><subfield code="d">UKMGB</subfield><subfield code="d">WIH</subfield><subfield code="d">OCLCQ</subfield><subfield code="d">OCLCA</subfield><subfield code="d">OCLCF</subfield><subfield code="d">OCLCO</subfield></datafield><datafield ind1="7" ind2=" " tag="016"><subfield code="a">013918557</subfield><subfield code="2">Uk</subfield></datafield><datafield ind1=" " ind2=" " tag="042"><subfield code="a">pcc</subfield></datafield><datafield ind1=" " ind2=" " tag="043"><subfield code="a">n-us-pa</subfield></datafield><datafield ind1="0" ind2="0" tag="050"><subfield code="a">Newspaper</subfield></datafield><datafield ind1="0" ind2=" " tag="130"><subfield code="a">United States gazette (Philadelphia, Pa. : 1823 : Daily)</subfield></datafield><datafield ind1="1" ind2="4" tag="245"><subfield code="a">The United States gazette.</subfield></datafield><datafield ind1=" " ind2=" " tag="260"><subfield code="a">Philadelphia [Pa.] :</subfield><subfield code="b">James G. Watts &amp; Co.,</subfield><subfield code="c">1823-1847.</subfield></datafield><datafield ind1=" " ind2=" " tag="300"><subfield code="a">25 v. :</subfield><subfield code="b">ill. (chiefly advertisements) ;</subfield><subfield code="c">52-69 cm.</subfield></datafield><datafield ind1=" " ind2=" " tag="310"><subfield code="a">Daily (except Sunday)</subfield></datafield><datafield ind1="0" ind2=" " tag="362"><subfield code="a">Vol. 62, no. 8437 (Apr. 1, 1823)-v. 65, no. 16,049 (June 30, 1847).</subfield></datafield><datafield ind1=" " ind2=" " tag="500"><subfield code="a">Publisher varies: Hart &amp; Chandler, Nov. 2, 1826-June 20, 1829; Joseph R. Chandler, June 22, 1829-Apr. 26, 1830; Chandler &amp; Loughead, Apr. 27, 1830- ;Chandler &amp; Longwood, &lt;1831&gt;; Joseph Chandler, &lt;1833-1839&gt;.</subfield></datafield><datafield ind1=" " ind2=" " tag="530"><subfield code="a">Available on microfilm from Micro Photo Division, Bell &amp; Howell Co.</subfield></datafield><datafield ind1=" " ind2=" " tag="580"><subfield code="a">Merged with: North American (Philadelphia, Pa. : 1845); to form: North American and United States gazette (Philadelphia, Pa. : Daily).</subfield></datafield><datafield ind1=" " ind2="0" tag="651"><subfield code="a">Philadelphia (Pa.)</subfield><subfield code="v">Newspapers.</subfield></datafield><datafield ind1=" " ind2="0" tag="651"><subfield code="a">Philadelphia County (Pa.)</subfield><subfield code="v">Newspapers.</subfield></datafield><datafield ind1=" " ind2="7" tag="655"><subfield code="a">Newspapers.</subfield><subfield code="2">fast</subfield><subfield code="0">(OCoLC)fst01423814</subfield></datafield><datafield ind1=" " ind2="7" tag="651"><subfield code="a">Pennsylvania</subfield><subfield code="z">Philadelphia.</subfield><subfield code="2">fast</subfield><subfield code="0">(OCoLC)fst01204170</subfield></datafield><datafield ind1=" " ind2="7" tag="651"><subfield code="a">Pennsylvania</subfield><subfield code="z">Philadelphia County.</subfield><subfield code="2">fast</subfield><subfield code="0">(OCoLC)fst01217128</subfield></datafield><datafield ind1="1" ind2=" " tag="700"><subfield code="a">Chandler, Joseph R.</subfield><subfield code="q">(Joseph Ripley),</subfield><subfield code="d">1792-1880.</subfield></datafield><datafield ind1="1" ind2=" " tag="700"><subfield code="a">Watts, James, G.</subfield></datafield><datafield ind1=" " ind2=" " tag="752"><subfield code="a">United States</subfield><subfield code="b">Pennsylvania</subfield><subfield code="c">Philadelphia</subfield><subfield code="d">Philadelphia.</subfield></datafield><datafield ind1="0" ind2=" " tag="775"><subfield code="t">United States gazette for the country (Philadelphia, Pa. : 1823 : Semiweekly)</subfield><subfield code="w">(DLC)sn 87062185</subfield><subfield code="w">(OCoLC)9228832</subfield></datafield><datafield ind1="0" ind2=" " tag="775"><subfield code="t">United States gazette (Philadelphia, Pa. : 1824 : Semiweekly)</subfield><subfield code="w">(DLC)sn 84026281</subfield><subfield code="w">(OCoLC)10372283</subfield></datafield><datafield ind1="0" ind2=" " tag="775"><subfield code="t">United States gazette (Philadelphia, Pa. : Triweekly)</subfield><subfield code="w">(DLC)sn 87052053</subfield><subfield code="w">(OCoLC)15097525</subfield></datafield><datafield ind1="0" ind2=" " tag="775"><subfield code="t">Weekly United States gazette</subfield><subfield code="w">(DLC)sn 87062184</subfield><subfield code="w">(OCoLC)15685155</subfield></datafield><datafield ind1="0" ind2="0" tag="780"><subfield code="t">Union, United States gazette and true American</subfield><subfield code="w">(DLC)sn 84026282</subfield><subfield code="w">(OCoLC)10372396</subfield></datafield><datafield ind1="1" ind2="7" tag="785"><subfield code="t">North American (Philadelphia, Pa. : 1845)</subfield><subfield code="w">(DLC)sn 85055247</subfield><subfield code="w">(OCoLC)12220295</subfield></datafield><datafield ind1="1" ind2="7" tag="785"><subfield code="t">North American and United States gazette (Philadelphia, Pa. : Daily)</subfield><subfield code="w">(DLC)sn 83025947</subfield><subfield code="w">(OCoLC)2265176</subfield></datafield><datafield ind1=" " ind2=" " tag="938"><subfield code="a">Kirtas Technologies, Inc.</subfield><subfield code="b">KRTS</subfield><subfield code="n">738130</subfield></datafield></record>